@misc{gamer-count,
    title={How many gamers are there? (2024 statistics)},
    url={https://whatsthebigdata.com/number-of-gamers/},
    journal={What's The Big Data?},
    publisher={What's The Big Data?},
    author={GilPress},
    year={2024},
    month={Jan}
} 