@misc{gamer-count,
    title={How many gamers are there? (2024 statistics)},
    url={https://whatsthebigdata.com/number-of-gamers/},
    journal={What's The Big Data?},
    publisher={What's The Big Data?},
    author={GilPress},
    year={2024},
    month={Jan}
} 

@misc{gopher-desc,
    title={Gopher - U.S. Games - Atari 2600},
    url={https://atariage.com/manual_html_page.php?SoftwareLabelID=218},
    journal={AtariAge News RSS}
}

@misc{gopher-gym,
    title={Gopher},
    url={https://gymnasium.farama.org/environments/atari/gopher/},
    journal={Gopher - Gymnasium Documentation}
}

@misc{berzerk-gym,
    title={Berzerk},
    url={https://gymnasium.farama.org/environments/atari/berzerk/},
    journal={Berzerk - Gymnasium Documentation}
}

@misc{qbert-gym,
    title={Q*bert},
    url={https://gymnasium.farama.org/environments/atari/qbert/},
    journal={Q*bert - Gymnasium Documentation}
}